@misc{kernel-doc,
	title = "Documentación de VFS",
	howpublished = "\url{https://www.kernel.org/doc/Documentation/filesystems/vfs.txt}",
	year = "consultado el 20 de Febrero de 2017"
}
@inbook{stalling,
	author = "Stallings, William",
	title = "Sistemas Operativos",
	chapter = "12.8",
	pages = "578 - 582", 
	year = "2005", 
	publisher = "Pearson Education",
}
@inbook{silberschatz,
	author = "Silberschatz",
	title = "Fundamentos de sistemas operativos",
	chapter = "21.7",
	pages = "696 - 698", 
	year = "2006", 
	publisher = "Mc Graw Hill",
}
@inbook{carretero,
	author = "Carretero Pérez, Jesús",
	title = "Sistemas operativos, una visión aplicada",
	chapter = "11.6",
	pages = "616", 
	year = "2001", 
	publisher = "Mc Graw Hill",
}
@misc{diapo,
	title = "Diapositivas de Sistemas Operativos",
	year = "curso 2016-2017"
}
@misc{politecnica,
	author = "Juan Antonio Martínez Castaño",
	title = "Universidad Politécnica de Madrid",
	howpublished = "\url{http://es.tldp.org/Articulos-periodisticos/jantonio/vfs/vfs_3.html#cache}",
	year = "1999"
}
@misc{trento,
	author = "David A. Rusling",
	title = "Universidad de Trento",
	howpublished = "\url{http://www.science.unitn.it/~fiorella/guidelinux/tlk/node102.html}",
	year = "1997"
}
